@article{suresh2016deepgeo,
  title={DeepGeo: Photo Localization with Deep Neural Network},
  author={Suresh, Sudharshan and Chodosh, Nathaniel and Abello, Montiel},
  journal={arXiv},
  year={2016},
  url={https://arxiv.org/abs/1810.03077}
}

@article{weyand2018planet,
  title={PlaNet - Photo Geolocation with Convolutional Neural Networks},
  author={Weyand, T. and Kostrikov, I. and Philbin, J.},
  journal={arXiv},
  year={2018},
  url={https://arxiv.org/abs/1602.05314}
}

@inproceedings{hays2008im2gps,
  title={IM2GPS: estimating geographic information from a single image},
  author={Hays, James and Efros, Alexei A.},
  booktitle={Proceedings of the IEEE Conference on Computer Vision and Pattern Recognition (CVPR)},
  year={2008},
  url={http://graphics.cs.cmu.edu/projects/im2gps/}
}

@misc{banerjee2023image,
  title={Image Geolocation with Computer Vision},
  author={Banerjee, Arsh},
  year={2023},
  url={http://www.arshbanerjee.com/uploads/paper/3bda9_20230723185809.pdf}
}

@article{haas2024pigeon,
  title={PIGEON: Predicting Image Geolocations},
  author={Haas, Lukas and Skreta, Michal and Alberti, Silas and Finn, Chelsea},
  journal={arXiv},
  year={2024},
  url={https://arxiv.org/abs/2307.05845}
}

@misc{dayton2023cnn,
  title={CNN Plays Geoguessr: Transfer Learning on ResNet50 for Classifying Street View Images},
  author={Dayton, Finn and Heo, Jeffrey and Werner, Eric},
  year={2023},
  url={https://www.finndayton.com/CS229_Final_Report.pdf}
}

@article{he2015deep,
  title={Deep Residual Learning for Image Recognition},
  author={He, Kaiming and Zhang, Xiangyu and Ren, Shaoqing and Sun, Jian},
  journal={arXiv},
  year={2015},
  url={https://arxiv.org/abs/1512.03385}
}

@article{sandler2019mobilenetv2,
  title={MobileNetV2: Inverted Residuals and Linear Bottlenecks},
  author={Sandler, Mark and Howard, Andrew and Zhu, Menglong and Zhmoginov, Andrey and Chen, Liang-Chieh},
  journal={arXiv},
  year={2019},
  url={https://arxiv.org/abs/1801.04381}
}

@article{tan2020efficientnet,
  title={EfficientNet: Rethinking Model Scaling for Convolutional Neural Networks},
  author={Tan, Mingxing and Le, Quoc V.},
  journal={arXiv},
  year={2020},
  url={https://arxiv.org/abs/1905.11946}
}

@article{schlumberger2024lostAndfound,
  title={Lost & Found: Predicting Locations from Images},
  author={Schlumberger, Stöckli, Sigrist},
  year={2024},
  url={https://github.com/ExampleTeam2/lost-and-found}
}

@article{schlumberger2024StreetLocationImages,
  title={Street Location Images},
  author={Schlumberger, Stöckli, Sigrist},
  year={2024},
  url={https://www.kaggle.com/datasets/killusions/street-location-images}
}
